
@book{lecun_quand_2019,
	edition = {Odile Jacob},
	title = {Quand la machine apprend},
	isbn = {978-2-415-00656-3},
	author = {LeCun, Yann},
	year = {2019},
}

@article{journal_de_quebec_motocycliste_nodate,
  title={Title of the article},
  author={Author Name},
  journal={Journal de Québec},
  year={2024},
  note={Accessed: 2024-08-01},
}

@phdthesis{le_gennec_machine_2023,
	title = {Machine {Learning} et {Véhicule} autonome : le défi d’une gouvernance des données personnelles automobiles},
	author = {Le Gennec, Nolwen},
	month = dec,
	year = {2023},
}

@misc{ahmed_ali_synthese_2024,
	address = {IBGBI},
	title = {Synthèse d’un observateur neuro-adaptatif hybride pour l’estimation de la dynamique latérale d’un véhicule autonome terrestre},
	language = {Français},
	author = {AHMED ALI, Sofiane},
	month = jul,
	year = {2024},

}

@techreport{la_securite_routiere_accidentalite_2024,
	title = {Accidentalité routière 2023 en {France}},
	language = {Français},
	author = {La sécurité routière},
	month = may,
	year = {2024},
}


@misc{le_parisien_radar_2019,
	title = {Le radar {Lidar} {Scala} de {Valeo}, l’œil des voitures autonomes},
	url = {https://youtu.be/qfuVpTghT-w},
	language = {Français},
	publisher = {Youtube},
	author = {Le Parisien},
	month = jul,
	year = {2019},
}

@misc{noauthor_comment_2024,
	title = {Comment les innovations basées sur l’{IA} peuvent renforcer la sécurité au volant ?},
	url = {https://www.moncoyote.com/blog/actualites-coyote/comment-les-innovations-basees-sur-lia-peuvent-renforcer-la-securite-au-volant/?srsltid=AfmBOorTodYY-VHhw2t40hTHqP-f-Rk06eMQ5qnZvC4hoWGHdNwfb8aL},
	language = {Français},
	author = {, Julien},
	month = oct,
	year = {2024},
}

@misc{cnil_vehicules_2017,
	title = {Véhicules connectés et données personnelles},
	author = {CNIL},
	month = oct,
	year = {2017},
}

@misc{european_data_protection_board_lignes_2021,
	title = {Lignes directrices 01/2020 sur le traitement des données à caractère personnel dans le contexte des véhicules connectés et des applications liées à la mobilité},
	author = {European Data Protection Board},
	version = {2.0},
	month = mar,
	year = {2021},
}

@misc{texier_quand_2024,
	title = {Quand l'intelligence artificielle ({IA}) et {Yamaha} redéfinissent la moto du futur},
	url = {https://www.motoplanete.com/actualite-moto/articles/18335/quand-l-intelligence-artificielle-ia-et-yamaha-redefinissent-la-moto-du-futur/page.html},
	language = {Français},
	author = {Texier, Kévin},
	month = dec,
	year = {2024},
}

@misc{apercu_auto,
	title = {Aperçu sur l'automobile et l'IoT},
	url = {https://1nce.com/fr-fr/industrie-iot/automobile-iot},
	language = {Français},
	author = {1nce},
	
}


@misc{a_ce_2025,
	title = {Ce casque de moto futuriste a une {IA} et promet d’éliminer les angles morts},
	url = {https://www.netcost-security.fr/actualites/242104/le-casque-de-moto-futuriste-a-une-ia-et-promet-deliminer-les-angles-morts/},
	language = {Français},
	author = {A, Charles},
	month = jan,
	year = {2025},
}

@misc{actiEouteNbMotardFr,
	title = {Quel est le nombre de motards en France ?},
	url = {https://permisdeconduire.actiroute.com/categories/moto/permis-a/nombre-de-motards},
	language = {Français},
	author = {ActiRoute},
}

@misc{lenoir_cette_2024,
	title = {Cette moto électrique promet une sécurité maximale grâce à l’{IA}},
	url = {https://www.phonandroid.com/cette-moto-electrique-promet-une-securite-maximale-grace-a-lia.html},
	language = {Français},
	author = {Lenoir, Alexandre},
	month = jan,
	year = {2024},
}

@misc{ministere_de_linterieur_hausse_2024,
	title = {Hausse de +31 \% du nombre de personnes décédées et de +10 \% du nombre de blessés graves au mois de mars 2024 en {France} métropolitaine},
	url = {https://www.interieur.gouv.fr/actualites/communiques-de-presse/hausse-de-31-du-nombre-de-personnes-decedees-et-de-10-du-nombre-de},
	author = {Ministère de l'Intérieur},
	month = apr,
	year = {2024},
}



@misc{zeiss_analyse_nodate,
	title = {Analyse d'images de microscopie pilotée par l'{IA} dans les secteurs pharmaceutique et biotechnologique},
	url = {https://www.zeiss.com/microscopy/fr/applications/life-sciences/industrie-pharmaceutique-et-biotechnologique/analyse-image-ia.html},
	author = {Zeiss},
}

@misc{renoulg_lintelligence_nodate,
	title = {L’intelligence {Artificielle} ({IA}) : {Décryptage}, {Fondements} et {Révolution}},
	url = {https://www.followtribes.io/lintelligence-artificielle-ia},
	author = {Renoulg, Thibault},
}

@misc{agiroute_3_2024,
	title = {3 facteurs responsables d’accidents de voiture},
	url = {https://www.agiroute.com/conseils/3-facteurs-responsables-daccidents-de-voiture},
	author = {AgiRoute},
	month = apr,
	year = {2024},
}

@misc{drilleaud_quelles_2024,
	title = {Quelles précautions pour conduire par mauvais temps},
	url = {https://www.maif.fr/conseils-prevention/la-route/reglementation/conduite-mauvais-temps},
	author = {Drilleaud, Catherine},
	year = {2024},
}

@misc{office_federal_de_meterologie_et_de_climatologie_meteosuisse_explications_nodate,
	title = {Explications des degrés de danger},
	url = {https://www.meteosuisse.admin.ch/meteo/dangers/explications-aux-degres-de-danger.html},
	author = {Office fedéral de métérologie et de climatologie MétéoSuisse},
}

@misc{meteo_france_consequences_nodate,
	title = {{CONSÉQUENCES} {ET} {CONSEILS}},
	url = {https://vigilance.meteofrance.fr/fr/consequences-conseils},
	language = {Français},
	author = {Météo France},
}

@misc{noauthor_revolution_2025,
	title = {La révolution de l’{IoT} dans l’industrie automobile},
	url = {https://objenious.com/blogpost/iot-dans-lindustrie-automobile/},
	month = jan,
	year = {2025},
}

@techreport{noauthor_taille_2023,
	title = {Taille du marché mondial de l'{IoT} automobile, prévisions 2022 – 2032.},
	url = {https://www.sphericalinsights.com/fr/reports/automotive-iot-market},
	month = jun,
	year = {2023},
}

@techreport{adas_gouv,
	title = {ADAS (Advanced Driver Assistance System) - Les aides à la conduite des véhicules},
	url = {https://www.securite-routiere.gouv.fr/chacun-son-mode-de-deplacement/dangers-de-la-route-en-voiture/equipement-de-la-voiture/adas},
}

@techreport{consumer_skepticim,
	title = {Consumer Skepticism Toward Autonomous Driving Features Justified},
	url = {https://newsroom.aaa.com/2022/05/consumer-skepticism-toward-active-driving-features-justified/},
month = dec,
	year = {2022},
	author = {Ellen Edmonds},
	language = {Anglais},
}

@techreport{donnees_echange,
	title = {Le cheminement de la donnée},
	url = {https://www.innovauto.org/systemes-embarques/le-cheminement-de-la-donnee},
}

@techreport{continental_adas,
	title = {ADAS Sensors and Computing Hardware for 360° perception},
	author = {Yannick Frisoni},
	url = {https://conti-engineering.com/areas-of-expertise/automotive/adas/},
}

@techreport{iot_accessoire_moto,
	title = {Exploration de l'Internet des objets (IOT) dans les applications pour motos},
	author = {Rider},
	month = fev,
	year = {2025},
	day = {20},
	url = {hhttps://web.ridingmoto.com/fr/L%27Internet-des-objets-dans-les-applications-pour-motos/},
}